<record><leader>00000cas a2200000 a 4500</leader><controlfield tag="001">30018285</controlfield><controlfield tag="008">940324d197u1989iluwr ne      0   a0eng c</controlfield><datafield ind1=" " ind2=" " tag="010"><subfield code="a">sn 94054670 </subfield></datafield><datafield ind1=" " ind2=" " tag="040"><subfield code="a">NVF</subfield><subfield code="b">eng</subfield><subfield code="c">NVF</subfield><subfield code="d">CVF</subfield><subfield code="d">OCLCQ</subfield><subfield code="d">NVF</subfield><subfield code="d">OCLCO</subfield><subfield code="d">NVF</subfield><subfield code="d">OCLCF</subfield></datafield><datafield ind1="1" ind2=" " tag="029"><subfield code="a">AU@</subfield><subfield code="b">000010929081</subfield></datafield><datafield ind1=" " ind2=" " tag="042"><subfield code="a">pcc</subfield></datafield><datafield ind1=" " ind2=" " tag="043"><subfield code="a">n-us-il</subfield></datafield><datafield ind1="0" ind2="0" tag="245"><subfield code="a">Albany Park news.</subfield></datafield><datafield ind1=" " ind2=" " tag="260"><subfield code="a">Chicago [Ill.] :</subfield><subfield code="b">Lerner Newspapers</subfield></datafield><datafield ind1=" " ind2=" " tag="300"><subfield code="a">v.</subfield></datafield><datafield ind1=" " ind2=" " tag="310"><subfield code="a">Weekly</subfield></datafield><datafield ind1="0" ind2=" " tag="362"><subfield code="a">-v. 87, no. 14 (Apr. 4, 1989).</subfield></datafield><datafield ind1=" " ind2=" " tag="580"><subfield code="a">Merged with: Ravenswood news, to form: Ravenswood-Albany Park news-star.</subfield></datafield><datafield ind1=" " ind2=" " tag="588"><subfield code="a">Description based on: Vol. 71, no. 7 (Jan. 11, 1973).</subfield></datafield><datafield ind1=" " ind2="0" tag="651"><subfield code="a">Albany Park (Chicago, Ill.)</subfield><subfield code="v">Newspapers.</subfield></datafield><datafield ind1=" " ind2="7" tag="655"><subfield code="a">Newspapers.</subfield><subfield code="2">fast</subfield><subfield code="0">(OCoLC)fst01423814</subfield></datafield><datafield ind1=" " ind2="7" tag="651"><subfield code="a">Illinois</subfield><subfield code="z">Chicago</subfield><subfield code="z">Albany Park.</subfield><subfield code="2">fast</subfield><subfield code="0">(OCoLC)fst01324641</subfield></datafield><datafield ind1=" " ind2=" " tag="752"><subfield code="a">United States</subfield><subfield code="b">Illinois</subfield><subfield code="c">Cook</subfield><subfield code="d">Chicago.</subfield></datafield><datafield ind1="0" ind2="0" tag="780"><subfield code="t">Albany-North Park news</subfield><subfield code="w">(DLC)sn 96070053</subfield><subfield code="w">(OCoLC)35407545</subfield></datafield><datafield ind1="1" ind2="7" tag="785"><subfield code="t">Ravenswood news</subfield><subfield code="w">(DLC)sn 94054668</subfield><subfield code="w">(OCoLC)29990287</subfield></datafield><datafield ind1="1" ind2="7" tag="785"><subfield code="t">Ravenswood-Albany Park news-star</subfield><subfield code="w">(DLC)sn 91055361</subfield><subfield code="w">(OCoLC)23955247</subfield></datafield></record>